@online{MatrixORG-Homepage,
    author  = {},
    date    = {},
    title   = {{}},
    url     = {},
    urldate = {}
}

@article{Article-Title,
    author    = {},
    journal   = {},
    number    = {},
    pages     = {},
    publisher = {},
    title     = {{}},
    volume    = {},
    year      = {}
}

@book{Book-Title,
    author    = {},
    publisher = {},
    title     = {{}},
    year      = {}
}
